@online{dataset,
    author    = "Israk Ahmed",
    title     = "Vegetable Image Dataset",
    url       = "https://www.kaggle.com/datasets/misrakahmed/vegetable-image-dataset",
    urldate   = {2023-05-28},
}

@online{storage,
    author    = "Yandex project © 2023 Intertech Services AG",
    title     = "Getting started with Yandex Object Storage",
    url       = "https://cloud.yandex.com/en-ru/docs/storage/quickstart",
    urldate   = {2023-05-28},
}

@online{ghcr,
    author    = "GitHub, Inc.",
    title     = "Working with the Docker registry",
    url       = "https://docs.github.com/en/packages/working-with-a-github-packages-registry/working-with-the-docker-registry",
    urldate   = {2023-05-28},
}

@online{celery,
    title     = "Introduction to Celery",
    url       = "https://docs.celeryq.dev/en/stable/getting-started/introduction.html",
    urldate   = {2023-05-28},
}

@online{postgresql,
    author    = "The PostgreSQL Global Development Group",
    title     = "PostgreSQL: About",
    url       = "https://www.postgresql.org/about",
    urldate   = {2023-05-28},
}

@online{pytorch,
    author    = "The Linux Foundation",
    title     = "PyTorch documentation — PyTorch 2.0 documentation",
    url       = "https://pytorch.org/docs/stable/index.html",
    urldate   = {2023-05-28},
}

@online{python,
    author    = "Python Software Foundation",
    title     = "About Python™ | Python.org",
    url       = "https://www.python.org/about",
    urldate   = {2023-05-28},
}

@online{actions,
    author    = "GitHub, Inc.",
    title     = "Understanding GitHub Actions",
    url       = "https://docs.github.com/en/actions/learn-github-actions/understanding-github-actions",
    urldate   = {2023-05-28},
}

@online{helm,
    author    = "The Linux Foundation",
    title     = "Helm | Docs",
    url       = "https://helm.sh/docs",
    urldate   = {2023-05-28},
}

@online{typescript,
    author    = "Microsoft",
    title     = "TypeScript: JavaScript With Syntax For Types.",
    url       = "https://www.typescriptlang.org",
    urldate   = {2023-05-28},
}

@online{react,
    author    = "Meta Open Source",
    title     = "React",
    url       = "https://react.dev",
    urldate   = {2023-05-28},
}

@online{fastapi,
    title     = "FastAPI",
    url       = "https://fastapi.tiangolo.com/lo",
    urldate   = {2023-05-28},
}

@online{litestar,
    title     = "Litestar | Effortlessly Build Performant APIs",
    url       = "https://litestar.dev",
    urldate   = {2023-05-28},
}

@online{rabbitmq,
    title     = "Messaging that just works — RabbitMQ",
    url       = "https://rabbitmq.com",
    urldate   = {2023-05-28},
}

@online{dramatiq,
    title     = "Dramatiq: background tasks — Dramatiq 1.14.2 documentation",
    url       = "https://dramatiq.io",
    urldate   = {2023-05-28},
}

@online{pv,
    title     = "Persistent Volumes | Kubernetes",
    url       = "https://kubernetes.io/docs/concepts/storage/persistent-volumes",
    urldate   = {2023-05-28},
}

@online{starlette,
    title     = "Starlette",
    url       = "https://starlette.io",
    urldate   = {2023-05-28},
}

@online{gunicorn,
    title     = "Gunicorn - Python WSGI HTTP Server for UNIX",
    url       = "https://gunicorn.org",
    urldate   = {2023-05-28},
}

@online{vue,
    author    = "Evan You",
    title     = "Vue.js - The Progressive JavaScript Framework | Vue.js",
    url       = "https://vuejs.org",
    urldate   = {2023-05-28},
}

@online{stateofjs,
    author    = "The 2022 State of JS survey",
    title     = "Front-end Frameworks. Retention, interest, usage, and awareness ratio over time.",
    url       = "https://2022.stateofjs.com/en-US/libraries/front-end-frameworks",
    urldate   = {2023-05-28},
}

@misc{inceptionV3,
    title={Rethinking the Inception Architecture for Computer Vision}, 
    author={Christian Szegedy and Vincent Vanhoucke and Sergey Ioffe and Jonathon Shlens and Zbigniew Wojna},
    year={2015},
    eprint={1512.00567},
    archivePrefix={arXiv},
    primaryClass={cs.CV}
}

@misc{efficientnet,
      title={EfficientNet: Rethinking Model Scaling for Convolutional Neural Networks}, 
      author={Mingxing Tan and Quoc V. Le},
      year={2020},
      eprint={1905.11946},
      archivePrefix={arXiv},
      primaryClass={cs.LG}
}

@online{imagenet,
    author    = "Stanford Vision Lab, Stanford University, Princeton University",
    title     = "About ImageNet",
    url       = "https://www.image-net.org/about.php",
    urldate   = {2023-05-28},
}

@online{example_1,
    author    = "Raghav Gupta",
    title     = "Vegetable Classification Using Transfer Learning",
    url       = "https://www.kaggle.com/code/theeyeschico/vegetable-classification-using-transfer-learning",
    urldate   = {2023-05-28},
}

@online{example_2,
    author    = "Ashwin Shetgaonkar",
    title     = "Vegetable Clf| Transfer learning | Error Analysis",
    url       = "https://www.kaggle.com/code/ashwinshetgaonkar/vegetable-clf-transfer-learning-error-analysis",
    urldate   = {2023-05-28},
}

@online{example_3,
    author    = "Chitwan Manchanda",
    title     = "Vegetable Image Classification Using CNN",
    url       = "https://www.kaggle.com/code/chitwanmanchanda/vegetable-image-classification-using-cnn",
    urldate   = {2023-05-28},
}

@online{boto3,
    author    = "Amazon Web Services",
    title     = "Boto3 documentation",
    url       = "https://boto3.amazonaws.com/v1/documentation/api/latest/index.html",
    urldate   = {2023-05-28},
}

@online{ONNX,
    author    = "Microsoft",
    title     = "Python | onnxruntime",
    url       = "https://onnxruntime.ai/docs/get-started/with-python.html",
    urldate   = {2023-05-28},
}

@online{NGINX,
    author    = "F5, Inc.",
    title     = "Installing NGINX Open Source",
    url       = "https://docs.nginx.com/nginx/admin-guide/installing-nginx/installing-nginx-open-source",
    urldate   = {2023-05-28},
}

@online{vuetify,
    title     = "Vuetify — A Vue Component Framework",
    url       = "https://vuetifyjs.com/en",
    urldate   = {2023-05-28},
}

@online{model,
    url       = "https://github.com/DramatikMan/MLHL-gradwork/blob/main/notebook/model_baseline.ipynb",
    urldate   = {2023-05-28},
}

@online{coreS3,
    url       = "https://github.com/DramatikMan/MLHL-gradwork-server/blob/main/gwserver/core/s3/s3.py",
    urldate   = {2023-05-28},
}

@online{color_utils,
    url       = "https://gitlab.com/DramatikMan/mlhl-gradwork-color-utils",
    urldate   = {2023-05-28},
}

@online{gradwork,
    url       = "https://github.com/DramatikMan/MLHL-gradwork",
    urldate   = {2023-05-28},
}

@online{server,
    url       = "https://github.com/DramatikMan/MLHL-gradwork-server",
    urldate   = {2023-05-28},
}

@online{web_UI,
    url       = "https://github.com/DramatikMan/MLHL-gradwork-web-UI",
    urldate   = {2023-05-28},
}

@online{submodules,
    url       = "https://github.com/DramatikMan/MLHL-gradwork/tree/main/app",
    urldate   = {2023-05-28},
}

@online{server_CI,
    url       = "https://github.com/DramatikMan/MLHL-gradwork-server/actions/workflows/ci.yml",
    urldate   = {2023-05-28},
}

@online{web_UI_CI,
    url       = "https://github.com/DramatikMan/MLHL-gradwork-web-UI/actions/workflows/ci.yml",
    urldate   = {2023-05-28},
}

@online{server_chart,
    url       = "https://github.com/DramatikMan/MLHL-gradwork-server/tree/main/chart",
    urldate   = {2023-05-28},
}

@online{web_UI_chart,
    url       = "https://github.com/DramatikMan/MLHL-gradwork-web-UI/tree/main/chart",
    urldate   = {2023-05-28},
}

@online{github_packages,
    url       = "https://github.com/DramatikMan?ecosystem=container&tab=packages",
    urldate   = {2023-05-28},
}

@online{hosted,
    url       = "https://gw.sergeypavlov.dev",
    urldate   = {2023-05-28},
}
